@Article{Okulicz-Kozaryn2013,
author="Okulicz-Kozaryn, Adam",
title="City Life: Rankings (Livability) Versus Perceptions (Satisfaction)",
journal="Social Indicators Research",
year="2013",
month="Jan",
day="01",
volume="110",
number="2",
pages="433--451",
abstract="I investigate the relationship between the popular Mercer city ranking (livability) and survey data (satisfactions). Livability aims to capture objective quality of life such as infrastructure. Survey items capture subjective quality of life such as satisfaction with city. The relationship between objective measures of quality of life and subjective measures is weak (correlation of about 0.4). Trust is highly correlated with both, objective livability (0.8) and subjective satisfaction with city (0.65). I postulate to pay more attention to subjective indicators of quality of life. After all, what matters is what we perceive, not what is out there.",
issn="1573-0921",
doi="10.1007/s11205-011-9939-x",
url="https://doi.org/10.1007/s11205-011-9939-x"
}

@article{giap2014new,
  title={A new approach to measuring the liveability of cities: the Global Liveable Cities Index},
  author={Giap, Tan Khee and Thye, Woo Wing and Aw, Grace},
  journal={World Review of Science, Technology and Sustainable Development},
  volume={11},
  number={2},
  pages={176--196},
  year={2014},
  publisher={Inderscience Publishers}
}

@article{diener1997measuring,
  title={Measuring quality of life: Economic, social, and subjective indicators},
  author={Diener, Ed and Suh, Eunkook},
  journal={Social indicators research},
  volume={40},
  number={1-2},
  pages={189--216},
  year={1997},
  publisher={Springer}
}

@article{unit2011liveanomics,
  title={Liveanomics--Urban liveability and economic growth},
  author={Unit, Economist Intelligence},
  journal={London: The Economist},
  year={2011}
}
@article{methodology, 
title= {Methodology for Collection and Computation of Liveability Standards in Cities},
author={Ministry of Urban Development, Government of India},
year={2017},
url="smartcities.gov.in/upload/uploadfiles/files/MethodologicalReportFinal.pdf"
}

@Online{Schultheis.2019,
 author = {Emily Schultheis},
 year = {2019},
 title = {Berlins radical plan to stop
 rocketing rents },
 journal = {BBC},
 url = {http://www.bbc.com/capital/story/20190226-berlins-radical-plan-to-stop-rocketing-rents},
 urldate = {2019-02-26}
}

@Online{Local.2019,
 author = {thelocal.de},
 year = {2019},
 title = {Berlin clubs brought city €1.5 billion in 2018: study},
 journal = {The local de},
 url = {https://www.thelocal.de/20190213/new-research-highlights-the-economic-value-of-berlins-nightlife-and-why-it-might-be-under-threat},
 urldate = {2019-02-13}
}
@article{cooke2015skill,
  title={Skill gaps in business education: fulfilling the needs of tech startups in Berlin},
  author={Cooke, Bryan and Zaby, Andreas},
  journal={Journal of Higher Education Theory and Practice},
  volume={15},
  number={4},
  pages={97},
  year={2015},
  publisher={North American Business Press}
}
@Online{Kuhn.2019,
 author = {Thomas Kuhn},
 year = {2019},
 title = {GOOGLE ERÖFFNET NEUES BÜRO IN BERLIN
Anders als gedacht},
 journal = {www.wiwo.de},
 url = {https://www.wiwo.de/technologie/digitale-welt/google-eroeffnet-neues-buero-in-berlin-anders-als-gedacht/23896914.html},
 
 urldate = {2019-01-22}
 
 }

@Online{tagesspiegel.2019,
 author = {tagesspiegel},
 year = {2019},
 title = {Pro Jahr sterben 13.000 Deutsche vorzeitig durch Verkehrsabgase},
 journal = {www.tagesspiegel.de},
 url = {https://www.tagesspiegel.de/wirtschaft/studie-zu-luftverschmutzung-pro-jahr-sterben-13-000-deutsche-vorzeitig-durch-verkehrsabgase/24046760.html},
 urldate = {2019-02-27}
 
 }
